<?xml version="1.0" encoding="UTF-8"?><collection xmlns="http://www.loc.gov/MARC21/slim"><record><leader>00394nam--2200133-i-4500</leader><controlfield tag="001">000020172</controlfield><controlfield tag="002">20161230</controlfield><controlfield tag="005">20161230201033</controlfield><controlfield tag="008">060222s1000------------r-----000-0-eng-d</controlfield><datafield ind1=" " ind2=" " tag="080"><subfield code="a">548.5:546.26(043)</subfield></datafield><datafield ind1=" " ind2=" " tag="100"><subfield code="a">Fonton, Sylvie De</subfield></datafield><datafield ind1=" " ind2=" " tag="245"><subfield code="a">Croissance cristalline des carbones sous pression et a haute temperature.these</subfield></datafield><datafield ind1=" " ind2=" " tag="260"><subfield code="a">Orleans, L`Universite, 1978. 51 P. + 51 Fig</subfield></datafield><datafield ind1=" " ind2=" " tag="852"><subfield code="a">75743</subfield></datafield></record></collection>